@phdthesis{Liang2016,
  type = {{博士}},
  title = {{南海北部内潮与近惯性内波观测研究}},
  author = {梁, 辉},
  year = {2016},
  urldate = {2024-12-21},
  langid = {chinese},
  school = {中国海洋大学},
  file = {C:\Users\10335\Zotero\storage\PRT8W4GM\梁 - 2016 - 南海北部内潮与近惯性内波观测研究.pdf}
}

@Article{Zhang2024,
  title = {安达曼海南部内孤立波生成与传播的三维数值模拟},
  journal = {海洋科学进展},
  volume = {42},
  number = {3},
  pages = {452-465},
  year = {2024},
  issn = {1671-6647},
  doi = {10.12362/j.issn.1671-6647.20230621001},
  url = {https://www.ams-journal.org.cn/website/cn/article/doi/10.12362/j.issn.1671-6647.20230621001},
  author = {张培超 and 王刚 and 戴德君 and 乔方利 and 黄传江}
}
